
@book{vega_r_nodate,
	title = {R para principiantes},
	url = {https://bookdown.org/jboscomendoza/r-principiantes4/},
	abstract = {Un libro introductorio a R, dirigido a personas sin experiencia previa con lenguajes de programación.},
	urldate = {2023-06-28},
	author = {Vega, Juan Bosco Mendoza},
	file = {Snapshot:C\:\\Users\\mnv3\\Zotero\\storage\\BIYAP43B\\r-principiantes4.html:text/html},
}

@misc{noauthor_r_nodate,
	title = {R {Packages} (2e)},
	url = {https://r-pkgs.org/},
	urldate = {2023-06-29},
	file = {R Packages (2e):C\:\\Users\\mnv3\\Zotero\\storage\\JUUKATXQ\\r-pkgs.org.html:text/html},
}

@misc{aragon_epitools_2020,
	title = {epitools: {Epidemiology} {Tools}},
	copyright = {GPL-2 {\textbar} GPL-3 [expanded from: GPL (≥ 2)]},
	shorttitle = {epitools},
	url = {https://cran.r-project.org/web/packages/epitools/index.html},
	abstract = {Tools for training and practicing epidemiologists including methods for two-way and multi-way contingency tables.},
	urldate = {2023-06-29},
	author = {Aragon, Tomas J. and Fay, Michael P. and Wollschlaeger, Daniel and Omidpanah, Adam},
	month = mar,
	year = {2020},
	keywords = {Epidemiology},
}

@misc{spina_epikit_2023,
	title = {epikit: {Miscellaneous} {Helper} {Tools} for {Epidemiologists}},
	copyright = {GPL-3},
	shorttitle = {epikit},
	url = {https://cran.r-project.org/web/packages/epikit/index.html},
	abstract = {Contains tools for formatting inline code, renaming redundant columns, aggregating age categories, adding survey weights, finding the earliest date of an event, plotting z-curves, generating population counts and calculating proportions with confidence intervals. This is part of the 'R4Epis' project {\textless}https://r4epis.netlify.app/{\textgreater}.},
	urldate = {2023-06-29},
	author = {Spina, Alexander and Kamvar, Zhian N. and Schumacher, Dirk and Doyle, Kate},
	month = feb,
	year = {2023},
}

@misc{schauberger_openxlsx_2023,
	title = {openxlsx: {Read}, {Write} and {Edit} xlsx {Files}},
	copyright = {MIT + file LICENSE},
	shorttitle = {openxlsx},
	url = {https://cran.r-project.org/web/packages/openxlsx/index.html},
	abstract = {Simplifies the creation of Excel .xlsx files by providing a high level interface to writing, styling and editing worksheets. Through the use of 'Rcpp', read/write times are comparable to the 'xlsx' and 'XLConnect' packages with the added benefit of removing the dependency on Java.},
	urldate = {2023-06-29},
	author = {Schauberger, Philipp and Walker, Alexander and Braglia, Luca and Sturm, Joshua and Garbuszus, Jan Marvin and Barbone, Jordan Mark},
	month = feb,
	year = {2023},
	keywords = {ReproducibleResearch},
}

@misc{wickham_tidyverse_2023,
	title = {tidyverse: {Easily} {Install} and {Load} the '{Tidyverse}'},
	copyright = {MIT + file LICENSE},
	shorttitle = {tidyverse},
	url = {https://cran.r-project.org/web/packages/tidyverse/index.html},
	abstract = {The 'tidyverse' is a set of packages that work in harmony because they share common data representations and 'API' design. This package is designed to make it easy to install and load multiple 'tidyverse' packages in a single step. Learn more about the 'tidyverse' at {\textless}https://www.tidyverse.org{\textgreater}.},
	urldate = {2023-06-29},
	author = {Wickham, Hadley and RStudio},
	month = feb,
	year = {2023},
}

@misc{rinker_pacman_2019,
	title = {pacman: {Package} {Management} {Tool}},
	copyright = {GPL-2},
	shorttitle = {pacman},
	url = {https://cran.r-project.org/web/packages/pacman/index.html},
	abstract = {Tools to more conveniently perform tasks associated with add-on packages. pacman conveniently wraps library and package related functions and names them in an intuitive and consistent fashion. It seeks to combine functionality from lower level functions which can speed up workflow.},
	urldate = {2023-06-29},
	author = {Rinker, Tyler and Kurkiewicz, Dason and Hughitt, Keith and Wang, Albert and Aden-Buie, Garrick and Wang, Albert and Burk, Lukas},
	month = mar,
	year = {2019},
}

@book{vega,
	title = {R para principiantes},
	author = {Vega, Juan Bosco Mendoza},
	url = {https://bookdown.org/jboscomendoza/r-principiantes4/}
}

@book{waring2022,
	title = {skimr: Compact and Flexible Summaries of Data},
	author = {Waring, Elin and Quinn, Michael and McNamara, Amelia and Rubia, Eduardo Arino de la and Zhu, Hao and Lowndes, Julia and Ellis, Shannon and McLeod, Hope and Wickham, Hadley and {Müller}, Kirill and RStudio,  and {functions)}, {Inc (Spark} and Kirkpatrick, Connor and Brenstuhl, Scott and Schratz, Patrick and lbusett,  and Korpela, Mikko and Thompson, Jennifer and McGehee, Harris and Roepke, Mark and Kennedy, Patrick and Possenriede, Daniel and Zimmermann, David and Butts, Kyle and Torges, Bastian and Saporta, Rick and Stewart, Henry Morgan},
	year = {2022},
	month = {12},
	date = {2022-12-23},
	url = {https://cran.r-project.org/web/packages/skimr/index.html}
}
